@ARTICLE{HighFreqMattersChen2024,
  author={Chen, Huajie and Zhu, Tianqing and Liu, Chi and Yu, Shui and Zhou, Wanlei},
  journal={IEEE Transactions on Services Computing}, 
  title={High-Frequency Matters: Attack and Defense for Image-Processing Model Watermarking}, 
  year={2024},
  volume={17},
  number={4},
  pages={1565-1579},
  keywords={Watermarking;Training;Deep learning;Containers;Computational modeling;Steganography;Robustness;Model watermarking;deep steganography;attack and defense;image processing},
  doi={10.1109/TSC.2024.3349784}}

@article{DeepWatermarkChen2024,
  title={When deep learning meets watermarking: A survey of application, attacks and defenses},
  author={Chen, Huajie and Liu, Chi and Zhu, Tianqing and Zhou, Wanlei},
  journal={Computer Standards \& Interfaces},
  pages={103830},
  year={2024},
  publisher={Elsevier}
}